@article{llansacaracterizacion,
  title={CARACTERIZACI{\'O}N EXPERIMENTAL Y NUM{\'E}RICA DE T{\'U}NEL AERODIN{\'A}MICO},
  author={Llansa, Mat{\'\i}as and Franck, Gerardo and Vignolo, Gustavo G}
}

@article{pomares2011sistemas,
  title={Sistemas de Control Autom{\'a}tico. Identificaci{\'o}n experimental de sistemas (curso 2010-2011)},
  author={Pomares, Jorge and Mart{\'\i}nez Bueno, {\'A}ngel},
  journal={Sistemas de Control Autom{\'a}tico},
  year={2011}
}

@manual{LS650,
  title={Manual de instalaci{\'o}n y programaci{\'o}n : Variador de velocidad LS650 para motor de C.A.},
  author={Long Shenq},
}

@article{airecalculo,
  title={C{\'a}lculo de la densidad del aire h{\'u}medo},
  author={INTI},
  year={2015}
}