@article{CANopenMmanual,
  title = {CANopen communication manual},
  author = {Schneider Electric},
  journal = {Altivar312- Variable speed drives for asynchronous motors},
  year = {2012},
}

@article{InstaManual,
  title = {Manual de instalaci{\'o}n},
  author = {Schneider Electric},
  journal = {Altivar312- Variadores de velocidad para motores as{'i}ncronos},
  year = {2013},
}

@online{controlp5,
author = "Andreas Schlegel",
title = "Biblioteca ControlP5",
url = "http://www.sojamo.de/libraries/controlP5/",
urldate = "Agosto 2021"
}